@Misc{latex_wikibooks,
	title = {{LaTeX}},
	author = {Wikibooks Contributors},
	year = {2008},
	url = {http://en.wikibooks.org/wiki/LaTeX/}
}
